

@article{desrochers1992new,
  title={A new optimization algorithm for the vehicle routing problem with time windows},
  author={Desrochers, Martin and Desrosiers, Jacques and Solomon, Marius},
  journal={Operations research},
  volume={40},
  number={2},
  pages={342--354},
  year={1992},
  publisher={INFORMS}
}

@article{taylor2018forecasting,
  title={Forecasting at scale},
  author={Taylor, Sean J and Letham, Benjamin},
  journal={The American Statistician},
  volume={72},
  number={1},
  pages={37--45},
  year={2018},
  publisher={Taylor \& Francis}
}

 @misc{analyticsvidhya2020,
	title={Food Demand Forecasting},
	url={https://www.kaggle.com/dsv/1138962},
	DOI={10.34740/KAGGLE/DSV/1138962},
	publisher={Kaggle},
	author={Analytics Vidhya},
	year={2020}
}

 @article{behnel2011cython,
  title={Cython: The best of both worlds},
  author={Behnel, Stefan and Bradshaw, Robert and Citro, Craig and Dalcin, Lisandro and Seljebotn, Dag Sverre and Smith, Kurt},
  journal={Computing in Science \& Engineering},
  volume={13},
  number={2},
  pages={31--39},
  year={2011},
  publisher={IEEE}
}
